[gd_scene load_steps=12 format=2]

[ext_resource path="res://Asset/convoyerBelt/top.png" type="Texture" id=2]
[ext_resource path="res://Asset/convoyerBelt/support.png" type="Texture" id=5]
[ext_resource path="res://Asset/convoyerBelt/weel1.png" type="Texture" id=6]
[ext_resource path="res://Asset/convoyerBelt/weel2.png" type="Texture" id=7]

[sub_resource type="GDScript" id=10]
script/source = "extends StaticBody2D

export var speed = 5

func _ready():
	constant_linear_velocity.x = speed
	$AnimationPlayer.playback_speed = speed/5
	print(name + \" : \" + str($AnimationPlayer.playback_speed))
	print($AnimationPlayer)
"

[sub_resource type="AtlasTexture" id=3]
resource_local_to_scene = true
flags = 2
atlas = ExtResource( 2 )
region = Rect2( 0, 0, 100, 11 )

[sub_resource type="AtlasTexture" id=6]
flags = 2
atlas = ExtResource( 6 )
region = Rect2( 0, 0, 100, 5 )

[sub_resource type="AtlasTexture" id=7]
flags = 2
atlas = ExtResource( 7 )
region = Rect2( 0, 0, 100, 5 )

[sub_resource type="RectangleShape2D" id=2]
extents = Vector2( 50, 6 )

[sub_resource type="Animation" id=8]
length = 0.001
tracks/0/type = "value"
tracks/0/path = NodePath("Top:texture:region")
tracks/0/interp = 1
tracks/0/loop_wrap = true
tracks/0/imported = false
tracks/0/enabled = true
tracks/0/keys = {
"times": PoolRealArray( 0 ),
"transitions": PoolRealArray( 1 ),
"update": 0,
"values": [ Rect2( 0, 0, 100, 11 ) ]
}
tracks/1/type = "value"
tracks/1/path = NodePath("Weel2:visible")
tracks/1/interp = 1
tracks/1/loop_wrap = true
tracks/1/imported = false
tracks/1/enabled = true
tracks/1/keys = {
"times": PoolRealArray( 0 ),
"transitions": PoolRealArray( 1 ),
"update": 0,
"values": [ false ]
}
tracks/2/type = "value"
tracks/2/path = NodePath("Top:modulate")
tracks/2/interp = 1
tracks/2/loop_wrap = true
tracks/2/imported = false
tracks/2/enabled = true
tracks/2/keys = {
"times": PoolRealArray( 0 ),
"transitions": PoolRealArray( 1 ),
"update": 0,
"values": [ Color( 1, 1, 1, 1 ) ]
}

[sub_resource type="Animation" id=9]
resource_name = "run"
loop = true
tracks/0/type = "value"
tracks/0/path = NodePath("Top:texture:region")
tracks/0/interp = 1
tracks/0/loop_wrap = true
tracks/0/imported = false
tracks/0/enabled = true
tracks/0/keys = {
"times": PoolRealArray( 0, 1 ),
"transitions": PoolRealArray( 1, 1 ),
"update": 0,
"values": [ Rect2( 0, 0, 100, 11 ), Rect2( -5, 0, 100, 11 ) ]
}
tracks/1/type = "value"
tracks/1/path = NodePath("Weel2:visible")
tracks/1/interp = 1
tracks/1/loop_wrap = true
tracks/1/imported = false
tracks/1/enabled = true
tracks/1/keys = {
"times": PoolRealArray( 0, 0.5, 1 ),
"transitions": PoolRealArray( 1, 1, 1 ),
"update": 0,
"values": [ false, true, false ]
}

[node name="ConveyorBelt" type="StaticBody2D"]
position = Vector2( 117, 58 )
script = SubResource( 10 )
speed = -20

[node name="Support" type="Sprite" parent="."]
position = Vector2( -27, 16 )
texture = ExtResource( 5 )

[node name="Support2" type="Sprite" parent="."]
position = Vector2( 33, 16 )
texture = ExtResource( 5 )

[node name="Top" type="Sprite" parent="."]
texture = SubResource( 3 )

[node name="Weel1" type="Sprite" parent="."]
position = Vector2( 0, 7 )
texture = SubResource( 6 )

[node name="Weel2" type="Sprite" parent="."]
visible = false
position = Vector2( 0, 7 )
texture = SubResource( 7 )

[node name="CollisionShape2D" type="CollisionShape2D" parent="."]
position = Vector2( 0, 6 )
shape = SubResource( 2 )

[node name="AnimationPlayer" type="AnimationPlayer" parent="."]
autoplay = "run"
anims/RESET = SubResource( 8 )
anims/run = SubResource( 9 )
